<record><leader>00000cas a22000007a 4500</leader><controlfield tag="001">12075503</controlfield><controlfield tag="008">850524d19431952njuwr ne      0    0eng d</controlfield><datafield ind1=" " ind2=" " tag="010"><subfield code="a">sn 85035750 </subfield></datafield><datafield ind1=" " ind2=" " tag="040"><subfield code="a">NPA</subfield><subfield code="b">eng</subfield><subfield code="c">NPA</subfield><subfield code="d">OCLCQ</subfield></datafield><datafield ind1=" " ind2=" " tag="042"><subfield code="a">msc</subfield></datafield><datafield ind1="0" ind2="4" tag="245"><subfield code="a">The New Jersey herald continuing Sussex register.</subfield></datafield><datafield ind1="1" ind2="3" tag="246"><subfield code="a">New Jersey herald</subfield></datafield><datafield ind1=" " ind2=" " tag="260"><subfield code="a">Newton, N.J. :</subfield><subfield code="b">New Jersey Herald, Inc.,</subfield><subfield code="c">1943-1952.</subfield></datafield><datafield ind1=" " ind2=" " tag="300"><subfield code="a">v. :</subfield><subfield code="b">ill.</subfield></datafield><datafield ind1=" " ind2=" " tag="310"><subfield code="a">Weekly</subfield></datafield><datafield ind1="0" ind2=" " tag="362"><subfield code="a">115th yr., no. 23 (Dec. 9, 1943)-123rd yr., no. 1 (July 24, 1952).</subfield></datafield><datafield ind1=" " ind2=" " tag="530"><subfield code="a">Also issued on microfilm by the New York branch of Recordak Corp., a subsidiary of Eastman Kodak Co.</subfield></datafield><datafield ind1=" " ind2=" " tag="752"><subfield code="a">United States</subfield><subfield code="b">New Jersey</subfield><subfield code="c">Sussex</subfield><subfield code="d">Newton.</subfield></datafield><datafield ind1="0" ind2="0" tag="780"><subfield code="t">New Jersey herald and Sussex register</subfield><subfield code="w">(DLC)sn 85035753</subfield></datafield><datafield ind1="0" ind2="7" tag="785"><subfield code="t">Sussex County independent (1941)</subfield><subfield code="w">(DLC)sn 85035616</subfield></datafield><datafield ind1="0" ind2="7" tag="785"><subfield code="t">New Jersey herald and Sussex County independent</subfield><subfield code="w">(DLC)sn 85035751</subfield></datafield></record>